@misc{wiki_Linear_regression,
   author = "Wikipedia",
   title = "{Linear regression} --- {W}ikipedia{,} The Free Encyclopedia",
   year = "2021",
   howpublished = {\url{http://en.wikipedia.org/w/index.php?title=Linear\%20regression&oldid=1032820492}},
   note = "[Online; accessed 14-July-2021]"
}

@misc{wiki_Polynomial_regression,
   author = "Wikipedia",
   title = "{Polynomial regression} --- {W}ikipedia{,} The Free Encyclopedia",
   year = "2021",
   howpublished = {\url{http://en.wikipedia.org/w/index.php?title=Polynomial\%20regression&oldid=1032260962}},
   note = "[Online; accessed 16-July-2021]"
}

@misc{wiki_Gaussian_elimination,
   author = "Wikipedia",
   title = "{Gaussian elimination} --- {W}ikipedia{,} The Free Encyclopedia",
   year = "2021",
   howpublished = {\url{http://en.wikipedia.org/w/index.php?title=Gaussian\%20elimination&oldid=1027192624}},
   note = "[Online; accessed 16-July-2021]"
}